@misc{latexmkrc,
    author    = "Stack OVerflow",
    title     = "Fix de glossaire",
    url       = "https://tex.stackexchange.com/questions/173025/glossary-not-printed-issue-on-sharelatex"
}